
@book{Jones:1998,
    author = "Jones, H. F.",
    title = "{Groups, representations and physics}",
    edition = "2nd ed.",
    publisher = "Taylor \& Francis",
    year = "1998",
    annotation = "{Notacija i pristup u velikoj mjeri konzistentni s ovom knjigom.}"
}

@book{Cornwell:1997,
    author = "Cornwell, J. F.",
    title = "{Group theory in physics: An introduction}",
    publisher = "Academic Press",
    year = "1997"
}

@book{Sakurai:2011,
    author = "Sakurai, J. J. and Napolitano, J.",
    title = "{Modern Quantum Mechanics}",
    doi = "10.1017/9781108587280",
    isbn = "978-0-8053-8291-4, 978-1-108-52742-2, 978-1-108-58728-0",
    publisher = "Cambridge University Press",
    series = "Quantum physics, quantum information and quantum computation",
    month = "10",
    year = "2020",
    annotation = "{Dobar prikaz SO(3) simetrije i diskretnih simetrija u kvantnoj mehanici.}"
}

@book{Greiner:1989,
    author = "Greiner, W. and Muller, B.",
    title = "{Quantum Mechanics --- Symmetries}",
    publisher = "Springer Verlag",
    year = "1985",
    annotation = "{Obilje detaljno izračunatih primjera iz kvantne mehanike i fizike čestica.}"
}

@book{Hamermesh:1989,
    author = "Greiner, W. and Muller, B.",
    title = "{Group Theory and its Application to Physical Problems}",
    publisher = "Dover",
    year = "1989",
    annotation = "{Obilje detaljno izračunatih primjera iz kvantne mehanike i fizike čestica.}"
}

@book{Arfken:1995,
    author = "Arfken, G. B. and Weber, H. J.",
    title = "{Mathematical Methods for Physicists}",
    edition = "4th ed.",
    publisher = "Academic Press",
    year = "1995"
}


@book{Bronstejn:2004,
    author = "Bronštejn, I. N. and Semendjajev, K. A. and Musiol, G. and Mühlig, H.",
    title = "{Matematički priručnik}",
    publisher = "Tehnička knjiga",
    year = "2004",
}

